2728 4354
1357 201 1603 261 —.6÷-

594 329 717 409 Ego
761 346 834 388 ne
881 325 1023 387 illud
1068 325 1302 406 quidem
1345 328 1575 388 nubant
1619 329 1840 406 poetam
1884 323 2187 405 scripsisse
2239 323 2451 385 credo:

512 427 769 488 rubeam
798 425 1025 504 scripsit
1047 425 1201 505 quod
1225 423 1501 484 librarius
1530 422 1767 503 quidam
1802 422 2101 502 imperitus
2135 422 2193 480 in
2226 424 2451 484 ‘rubam

515 524 670 585 unde
694 522 840 584 illud
863 525 1089 585 nubant
1116 522 1383 584 mutavit.
1415 523 1582 595 Quod
1607 541 1711 582 suo
1736 522 1984 602 quisque
2008 520 2286 581 arbitratu
2310 539 2449 581 con-

512 622 677 683 cedat
706 633 804 683 aut
835 633 1027 701 neget:
1062 639 1230 683 nemo
1263 620 1595 681 invenietur
1618 619 1720 700 qui
1748 621 1807 680 in
1832 638 2006 680 versu
2034 620 2109 680 23
2129 622 2314 700 prius
2347 617 2452 678 de·

515 719 870 783 fendendum
912 730 1160 780 censeat.
1210 720 1280 779 Et
1328 708 1907 798 profecto'carminis
1950 736 2151 777 omnes
2196 715 2453 777 editores

520 819 666 880 alius
723 818 896 878 aliam
952 818 1364 878 correctionem
1420 816 1595 877 huius
1644 816 1769 876 vitii
1822 815 2236 894 cogitaverunt,
2294 833 2451 894 quas

516 937 715 978 omnes
773 916 940 978 facile
998 915 1278 977 refutabo.
1340 915 1572 996 Lipsius
1626 917 1728 996 qui
1783 915 2006 996 primus
2058 916 2449 996 Pervigilium

517 1014 694 1076 edidit
734 1018 960 1095 apri-no
1010 1013 1114 1093 legi
1150 1014 1351 1084 voluit,
1400 1011 1744 1075 Sanadonus
1787 1032 2065 1094 apruyno
2109 1014 2325 1094 opinati
2374 1014 2450 1075 de

511 1112 794 1175 Adonidis
835 1131 1042 1174 cruore
1084 1131 1241 1174 rosas
1298 1112 1492 1173 factas
1528 1130 1655 1172 esse
1703 1123 1921 1192 poetam
1980 1112 2403 1192 significavisse
2423 1134 2445 1187 3

514 1212 728 1292 quibus
760 1210 1143 1291 adstipulatus
1170 1210 1500 1272 Bouhierus
1528 1210 1758 1289 scripsit
1778 1212 2022 1271 adoneo.
2049 1209 2162 1273 Sed
2194 1224 2255 1272 ut
2287 1229 2449 1292 prae·
2540 1214 2549 1223 '

516 1310 822 1371 termittam
852 1315 1150 1388 poetarum
1182 1307 1457 1367 memoria
1476 1325 1592 1367 non
1615 1307 1673 1366 in
1695 1326 1885 1367 rosam
1904 1306 2002 1367 sed
2023 1307 2080 1368 in
2099 1326 2444 1368 anemonem

519 1407 820 1488 sanguinei
876 1407 1086 1467 coloris
1131 1405 1458 1466 Adonidem
1503 1423 1629 1466 esse
1674 1406 2179 1477 transformatum;
2240 1407 2446 1487 ecquis

518 1506 729 1567 dixerit
749 1525 1013 1568 cruorem
1059 1504 1331 1585 aprinum
1380 1504 1465 1565 vel
1505 1523 1844 1585 aprugnum
1890 1523 2157 1567 cruorem
2201 1525 2274 1566 ex
2316 1506 2445 1566 vul·

517 1623 654 1665 nere
713 1604 834 1684 apri
881 1622 1076 1664 morsu
1132 1603 1286 1664 illato
1333 1602 1765 1680 profluentem?
1814 1602 1978 1664 Idem
2027 1603 2217 1666 dicere
2267 1604 2445 1684 possit

518 1720 786 1763 cruorem
817 1701 1144 1762 Achilleum
1178 1701 1521 1782 sanguinem
1545 1719 1622 1761 ex
1643 1701 1912 1762 Hectoris
1935 1701 2284 1764 vulneribus
2316 1721 2445 1780 pro-

524 1800 796 1862 fluentem
827 1813 880 1861 et
912 1800 1122 1861 similia
1171 1799 1377 1861 idoneo
1405 1819 1579 1861 sensu
1611 1801 1875 1860 carentia.
1925 1802 2212 1863 Correctio
2244 1814 2439 1862 autem

521 1898 801 1960 Bouhieri
845 1917 915 1959 ne
961 1917 1137 1958 unam
1168 1897 1405 1977 quidem
1451 1897 1673 1959 literam
1718 1916 1850 1959 cum
1892 1898 2156 1960 codicum
2201 1899 2441 1962 lectione

518 2015 889 2058 communem
945 1996 1134 2057 habet.

601 2096 809 2156 Contra
872 2092 1200 2154 Scriverius
1245 2092 1454 2154 bonam
1514 2093 1667 2155 viam
1723 2094 2020 2174 ingressus
2064 2109 2166 2167 est,
2216 2095 2317 2176 qui
2361 2095 2430 2157 de

515 2192 758 2255 Veneris
803 2210 1008 2254 cruore
1037 2211 1194 2253 rosas
1228 2192 1402 2253 factas
1433 2211 1559 2254 esse
1589 2193 1876 2276 opinatus,
1907 2197 2095 2274 prius
2125 2195 2185 2256 in
2220 2195 2439 2276 Cypris

520 2294 785 2354 mutavit.
837 2293 948 2366 Qui
993 2293 1295 2373 genetivus
1339 2311 1474 2353 cum
1518 2295 1861 2371 gramaticae
1918 2294 2027 2375 legi
2087 2310 2437 2375 repugnaret

523 2393 590 2453 O.
638 2392 955 2453 Muellerus
999 2411 1316 2473 omnesque
1360 2393 1478 2453 fere
1523 2392 1699 2453 huius
1743 2392 1922 2454 seculi
1969 2393 2215 2455 editores
2254 2399 2435 2476 prius

521 2492 579 2552 in
628 2493 910 2573 Cypridis
955 2503 1350 2552 mutaverunt.
1400 2493 1471 2552 Et
1512 2504 1663 2553 certe
1706 2511 1812 2553 cur
1854 2512 1884 2553 e
1938 2493 2179 2554 Veneris
2236 2513 2438 2556 cruore

519 2608 679 2649 rosas
709 2589 882 2650 factas
910 2608 1034 2650 esse
1060 2597 1218 2669 poeta
1251 2589 1517 2650 cecinerit
1548 2589 1868 2650 maximum
1901 2605 2304 2670 argumentum
2335 2593 2437 2653 hoc

524 2686 822 2757 habemm,
872 2686 1027 2766 quod
1094 2685 1333 2747 eandem
1396 2685 1465 2746 de
1509 2706 1772 2748 rosarum
1836 2686 2057 2767 origine
2102 2690 2436 2751 sententiam

522 2785 764 2865 scriptor
805 2783 1235 2865 epigrammatis
1279 2786 1395 2844 273
1451 2786 1536 2847 De
1579 2803 1720 2847 rosa
1762 2785 1823 2846 in
1867 2786 2183 2848 Baebi-ensi
2230 2806 2435 2849 recen-

519 2884 678 2945 sione
724 2892 1019 2965 poetarum
1068 2884 1403 2946 Latinorum
1449 2885 1745 2947 minorum
1789 2887 2112 2965 expressit:

864 3002 960 3047 Aut
990 3000 1078 3047 hoc
1107 3001 1213 3046 risit
1239 3002 1386 3048 Amor
1414 3005 1500 3047 aut
1530 3002 1620 3047 hoc
1648 3002 1709 3048 de
1735 3003 1924 3057 pectine
1952 3003 2102 3049 traxit

862 3074 1121 3129 Purpureis
1150 3076 1329 3122 Aurora
1361 3075 1509 3121 comis
1538 3077 1627 3120 aut
1656 3076 1878 3121 sentibus
1909 3075 2067 3121 haesit

864 3148 1032 3203 cypris
1059 3149 1108 3191 et
1137 3144 1212 3191 hic
1240 3146 1391 3201 spinis
1421 3147 1597 3193 insedit
1624 3147 1822 3203 sanguis
1851 3148 2020 3195 acutis,

600 3252 673 3308 At
693 3246 826 3327 quis
850 3245 1124 3307 librarius
1147 3244 1463 3306 dormitans
1496 3246 1842 3325 scripturam
1877 3248 2162 3327 Cypridis
2186 3248 2239 3308 in
2261 3249 2434 3329 prius

522 3347 897 3407 mutavisset?
938 3345 1072 3425 quis
1117 3345 1411 3423 inelegans
1456 3346 1704 3425 scriptor
1750 3357 1959 3405 tantam
2020 3345 2429 3425 neglegentiam

519 3445 844 3506 admisisset
885 3456 949 3505 ut
990 3443 1264 3504 scriberet
1308 3444 1588 3504 Venerem
1636 3443 2015 3521 imperavisse
2049 3456 2112 3504 ut
2161 3444 2431 3506 ruberent

519 3545 666 3608 rosis
709 3562 822 3604 non
866 3542 936 3603 de
993 3562 1126 3615 sue,
1174 3561 1289 3603 non
1346 3540 1417 3602 de
1460 3544 1591 3602 eius
1648 3540 1748 3602 sed
1793 3541 1863 3602 de
1908 3543 2188 3623 Cypridis
2231 3561 2430 3606 cruore
