2728 4354
1363 286 1613 336 -4-

663 443 748 499 lte,
777 441 1055 498 Nymphae;
1089 441 1255 497 posuit
1282 452 1434 493 arma,
1463 442 1662 487 let-latus
1692 444 1765 487 est
1793 442 1970 488 Amor:

766 517 933 560 Iussus
963 518 1039 561 est
1066 514 1262 560 inermis
1292 514 1377 568 ire,
1405 514 1566 560 nudus
1594 514 1664 559 ire
1691 514 1855 559 iussus
1884 517 1959 559 est

768 587 872 633 Neu
899 586 1015 641 quid
1043 596 1160 631 arcu
1186 596 1283 632 neu
1312 586 1491 641 sagitta
1518 595 1613 630 neu
1644 585 1760 641 quid
1790 586 1898 641 igne
1925 584 2153 632 laederet.

767 657 859 703 Sed
888 661 1071 713 tamen,
1098 656 1369 713 Nymphae.
1397 661 1580 710 cavete,
1607 656 1739 710 quod
1768 657 1955 712 Cupido
1982 656 2183 712 pulcher
2211 659 2313 702 est:

761 728 912 774 Totus
940 731 1016 775 est
1043 728 1240 775 inermis
1266 728 1396 774 idem
1426 728 1621 784 quando
1651 728 1813 775 nudus
1841 731 1917 773 est
1948 729 2129 773 Amor?

525 853 614 915 vel

806 1008 891 1054 Est
920 1007 1116 1053 inermis
1146 1007 1281 1053 totus
1308 1006 1437 1052 idem
1467 1006 1664 1062 quando
1691 1006 1854 1053 nudus
1883 1009 1958 1053 est
1984 1008 2162 1054 Amor?

520 1150 669 1212 quae
713 1132 1023 1194 verborum
1082 1132 1452 1212 transpositio
1511 1132 1708 1194 minus
1771 1130 2086 1211 probabilis
2142 1133 2248 1193 hac
2300 1131 2444 1193 mihi

520 1248 691 1293 causa
734 1249 858 1292 esse
902 1230 1133 1292 videtur
1175 1229 1330 1312 quod
1375 1232 1516 1292 artis
1567 1229 1837 1292 metricae
1885 1248 2088 1309 parum
2145 1243 2447 1292 accuratae

521 1328 760 1409 vestigia
802 1328 863 1389 in
910 1329 1016 1389 hoc
1057 1329 1316 1390 carmine
1359 1328 1593 1408 saepius
1637 1327 2010 1389 inveniantur
2043 1340 2105 1389 ut
2134 1347 2339 1389 versus
2370 1329 2448 1388 52

522 1429 710 1489 Iussit
750 1446 945 1489 omnes
985 1427 1243 1489 assidere
1285 1433 1465 1507 pucrz¹
1494 1437 1684 1489 mater
1710 1426 1899 1497 alitt's,
1937 1443 2141 1486 versus
2172 1428 2248 1486 62
2286 1428 2446 1487 Unde

519 1529 675 1606 fetus
716 1531 944 1587 mixtus
988 1544 1190 1586 omnes
1218 1526 1397 1588 aleret
1428 1545 1647 1605 maqno
1676 1543 1929 1605 corpore
1957 1544 2160 1585 versus
2191 1525 2268 1584 96
2298 1525 2445 1586 Per-

520 1625 654 1684 didi
699 1628 929 1686 Musam
973 1626 1219 1685 tacendo
1262 1643 1366 1687 nec
1407 1642 1497 1683 me
1542 1624 1752 1705 Apollo
1793 1626 2058 1703 respicit.
2109 1625 2307 1703 Neque
2349 1641 2442 1684 me

520 1720 665 1799 fugit
708 1721 852 1782 alios
893 1721 1073 1781 alium
1118 1719 1179 1780 in
1227 1718 1465 1780 modum
1510 1720 1613 1781 hos
1658 1739 1865 1781 versus
1906 1719 2249 1790 correxisse,
2291 1720 2442 1780 Bue-

519 1817 815 1879 chelerum
841 1837 1076 1880 versum
1100 1821 1196 1890 62,
1226 1830 1291 1879 ut
1323 1818 1712 1898 vergilianam
1744 1818 2119 1880 imitationem
2145 1836 2173 1877 a
2208 1816 2439 1879 librario

518 1915 767 1997 quodam
813 1919 872 1978 in
915 1918 1253 1979 continuum
1296 1917 1574 1981 carminis
1604 1916 1865 1978 ordinem
1897 1915 2173 1977 adscitam
2203 1911 2244 1976 'a
2283 1921 2436 1995 poeta

522 2014 904 2079 abiudicasse.
945 2014 1060 2076 Sed
1104 2015 1174 2076 ab
1216 2016 1426 2077 erratis
1469 2034 1617 2095 quae
1647 2014 1920 2077 dicuntur
1963 2026 2186 2076 tantum
2233 2013 2444 2075 absunt

525 2112 885 2175 coniecturae
916 2126 979 2175 ut
1019 2132 1115 2176 eas
1161 2113 1391 2190 silentio
1437 2113 1743 2196 praeterire
1788 2113 2074 2194 optimum
2135 2111 2439 2173 consilium

521 2225 741 2294 putem.
1915 2213 1918 2216 ’

598 2312 939 2373 Graviorem
993 2311 1382 2393 corruptelam
1441 2330 1621 2391 quam
1676 2328 1885 2372 versus
1943 2313 2019 2372 35
2095 2327 2301 2390 passus
2359 2321 2443 2371 est

517 2425 723 2470 versus
776 2409 896 2487 qui,
955 2407 1279 2470 intercalari
1338 2407 1693 2488 interposit0‚
1757 2408 2042 2487 sequitur.
2106 2408 2313 2480 Quem,
2366 2425 2438 2466 ne

516 2507 752 2567 omnino
795 2508 1043 2587 ineptam
1091 2507 1390 2568 lectionem
1434 2505 1648 2567 codicis
1693 2505 1993 2567 Pithoeani
2040 2505 2128 2568 vel
2172 2504 2435 2565 Thuanei

517 2604 603 2664 vel
652 2605 902 2665 Parisini
945 2605 1097 2665 8071
1147 2604 1405 2675 afferam,
1445 2604 1503 2664 in
1534 2602 1730 2665 codice
1758 2602 2122 2665 Salmasiano
2154 2602 2243 2663 vel
2279 2602 2443 2662 Pari-

517 2703 643 2763 sino
690 2704 885 2764 10318
929 2704 1001 2764 ita
1049 2703 1330 2784 legimus:

874 2870 1078 2927 conpari
1106 2871 1269 2918 Venus
1297 2872 1484 2928 pudore
1511 2871 1664 2919 mittit
1691 2872 1756 2919 ad
1782 2875 1831 2919 te
1861 2871 2071 2930 virgines

499 3006 882 3080 'Baehrensus
925 3030 1115 3079 autem
1160 3031 1316 3080 ratus
1362 3018 1522 3080 nulla
1568 3018 1789 3080 ratione
1834 3018 1961 3081 fieri
2016 3037 2183 3098 posse
2224 3031 2285 3080 ut
2325 3020 2441 3080 Ve-

513 3118 666 3178 neris
724 3115 909 3197 pudor
964 3135 1097 3177 cum
1155 3116 1377 3198 pudore
1435 3118 1651 3179 Dianae
1709 3130 2060 3197 aequaretur
2111 3109 2441 3179 emendavit

512 3215 631 3296 (Cf.
677 3216 1046 3276 Iahrbilcher
1075 3217 1188 3296 fiir
1215 3216 1504 3278 classichc
1535 3215 1901 3296 Philoloqic,
1939 3217 2115 3288 ⁴872,
2154 3235 2280 3296 pag.
2315 3218 2434 3293 56).

863 3383 1093 3440 conparis
1120 3385 1283 3430 Venus
1312 3367 1498 3440 pudore
1528 3383 1681 3432 mittit
1708 3384 1768 3430 ad
1798 3388 1847 3431 te
1874 3384 2083 3441 virgines

511 3522 585 3580 At
613 3537 684 3578 ne
715 3517 1039 3599 puellarum
1072 3517 1311 3599 quidem
1347 3518 1533 3599 pudor
1563 3519 1770 3580 festum
1805 3518 1959 3581 diem
1988 3518 2234 3581 Veneris
2263 3537 2438 3599 agen-

509 3617 656 3679 tium
689 3635 972 3677 amorum
1017 3618 1408 3698 copulatricis
1438 3620 1600 3680 inter
1630 3621 1883 3679 umbras
1912 3620 2203 3680 arborum
2244 3626 2300 3677 et
2326 3619 2435 3698 slo-
