2728 4354
304 391 2227 461 Qmssyxfflmamfflwssmxmffloegffl

320 483 2209 553 ῩῩῩΤῨῩῩῨΥῩῩΪῨΥΥῩΥῨῨΤῗῖῨῨῒῩῩΤΤΤῒῖἵῗῖῗ

384 1740 526 1800 Mihi
572 1757 778 1820 magna
820 1758 956 1800 cum
999 1741 1308 1802 attentione
1351 1740 1531 1800 animi
1575 1739 1995 1801 fucatissimum
2027 1760 2223 1802 recen-

304 1839 462 1900 tioris
485 1838 806 1899 Latinitatis
836 1838 1143 1898 artificium
1172 1837 1328 1919 quod
1352 1838 1735 1914 pervigilium
1758 1839 2001 1900 Veneris
2023 1841 2230 1900 inscri-'

303 1937 459 1998 bitur
502 1937 708 2016 legenti
739 1936 847 1998 sub
879 1955 1052 1997 manu
1097 1937 1316 2017 aliquot
1364 1938 1743 1999 correctiones
1795 1937 2033 1999 feliciter
2062 1950 2226 1999 natae

303 2047 439 2096 sunt
480 2054 626 2115 quas
670 2046 732 2096 ut
775 2037 960 2098 statim
1007 2035 1234 2096 ederem
1281 2054 1409 2116 spes
1454 2035 1634 2097 suasit
1671 2035 1730 2096 in
1764 2036 2225 2098 existimantium

302 2133 604 2196 arbitrium
647 2133 803 2195 haud
838 2124 1156 2196 sacile'esse
1186 2147 1482 2196 venturas,
1514 2133 1679 2207 Quod
1711 2135 1822 2196 nisi
1853 2136 1925 2196 ita
1960 2135 2033 2196 sit
2066 2134 2223 2197 futu-

302 2252 455 2304 rum,
505 2233 652 2293 nihil
699 2252 823 2293 mea
866 2234 1042 2294 refert
1081 2252 1265 2313 quum
1313 2233 1646 2294 huiusmodi
1678 2234 1886 2315 scripta
1920 2237 2218 2297 veritatem

302 2350 418 2392 non
463 2331 706 2411 gloriam
751 2344 1053 2412 quaerant.

378 2433 462 2490 Ac
508 2430 759 2510 primum
804 2430 863 2490 in
905 2430 1199 2491 codicibus
1242 2447 1452 2490 versus
1495 2430 1594 2509 qui
1641 2432 1716 2491 35
1760 2427 1960 2491 locum
2010 2431 2225 2494 obtinet

302 2528 376 2587 ita
422 2526 633 2606 legitur
659 2547 671 2587 :

600 2661 749 2706 Totus
778 2662 854 2705 est
882 2637 1236 2706 inermis'idem
1264 2660 1461 2716 quando
1490 2659 1653 2705 nudus
1682 2663 1757 2706 est
1784 2660 1929 2707 Amor
1969 2643 1974 2648 ’

299 2778 473 2839 quam
519 2760 864 2840 scripturam
912 2760 1218 2821 Schulzius
1248 2780 1403 2820 unus
1435 2772 1647 2822 tutatus
1674 2773 1780 2833 est,
1816 2761 1987 2822 ceteri
2019 2780 2222 2824 omnes

300 2857 603 2919 Pithoeum
650 2858 826 2919 secuti
874 2859 943 2919 ita
989 2858 1483 2919 emendaverunt:

584 2992 734 3037 Totus
763 2994 837 3037 est
865 2992 913 3036 in
940 2991 1087 3037 armis
1115 2991 1244 3037 idem
1271 2992 1468 3048 quando
1498 2993 1658 3038 nudus
1688 2997 1764 3039 est
1791 2995 1938 3041 Amor

304 3091 394 3154 vel

582 3219 667 3264 Est
695 3218 745 3264 in
773 3219 919 3265 armis
949 3221 1085 3265 totus
1115 3219 1241 3265 idem
1271 3220 1468 3276 quando
1498 3220 1661 3266 nudus
1690 3222 1766 3265 est
1791 3220 1938 3266 Amor

298 3322 362 3371 ut
404 3311 793 3372 Buechelerus
835 3312 934 3391 qui
971 3312 1266 3373 lectionem
1297 3315 1550 3374 inermis
1582 3312 1726 3372 nihil
1763 3311 2115 3373 morabatur.
2151 3313 2222 3372 Et

297 3428 432 3470 sane
476 3410 550 3469 ita
595 3408 921 3470 faciendum
966 3422 1115 3471 esset
1160 3411 1267 3471 nisi
1315 3410 1727 3490 interrogative
1758 3422 1880 3491 post
1908 3410 2101 3472 Amor
2131 3410 2221 3469 in-

296 3506 717 3587 terpungendo⁹
766 3508 926 3569 nulla
973 3507 1234 3570 codicum
1284 3508 1443 3569 litera
1476 3519 1709 3580 mutata,
1748 3527 1950 3570 versus
1982 3511 2055 3568 46
2087 3526 2220 3569 cum

295 3603 768 3667 antecedentibus
812 3607 1029 3687 optime
1072 3608 1439 3668 cohaereret:
