2728 4354
1118 228 1366 282 ..7-

278 352 481 413 factis?
523 352 655 433 quis
684 372 799 413 non
834 361 1018 434 poeta,
1068 354 1169 416 sed
1213 355 1474 428 LatinuS,
1520 354 1620 416 sed
1651 354 1952 427 barbaruS‚
1990 367 2054 416 ut
2082 355 2195 415 duo

283 449 459 512 nodos
504 451 559 510 in
606 450 940 532 semetipsos
984 451 1305 532 implicatos
1336 472 1452 513 una
1485 451 1741 513 recidam
1775 453 2060 533 pluralem
2095 474 2197 514 nu·

282 567 506 610 merum
548 570 714 613 rosae
755 569 887 610 cum
936 550 1213 630 singulari
1247 552 1409 628 sacta
1440 551 1775 612 iunxisset?
1804 564 1920 622 aut,
1952 552 2203 631 pudebit

282 647 653 726 personaliter
696 647 968 720 adhibit0,
1011 649 1173 725 sacta
1211 649 1454 729 pudebit
1499 647 1781 711 dixisset?

292 786 297 801 2
361 747 577 826 Ego,ut
618 746 795 806 huius
839 745 1287 807 ratiocinationis
1332 746 1508 808 finem
1554 748 1779 818 faciam,
1818 746 2026 826 opinor
2077 755 2203 828 poe·-

281 855 393 903 tam
429 860 551 925 post
580 863 756 908 rosae
789 845 1215 925 interpunxisse
1247 858 1421 926 atque
1451 849 1584 907 eius
1619 865 1720 927 pro
1746 848 1985 907 Veneris
2020 859 2081 907 ut
2107 863 2206 926 par

200 953 215 965 “
282 956 402 1004 erat
446 946 645 1024 posito,
684 944 943 1006 vocativo
987 964 1121 1006 casu
1154 964 1344 1006 rosam
1375 946 1712 1018 allocutum,
1750 964 1980 1006 versum
2014 946 2089 1005 23
2130 945 2203 1006 ita

280 1034 580 1122 scripsisse
1823 1052 1824 1055 ’

665 1176 808 1222 Facta
836 1176 936 1223 eius
966 1177 1025 1222 de
1054 1187 1223 1223 cruore
1252 1177 1408 1232 deque
1435 1178 1622 1225 Amoris
1652 1178 1828 1224 osculis

283 1301 418 1363 dein
477 1301 591 1363 duo
649 1303 822 1364 verba
880 1308 1045 1383 facta
1101 1307 1232 1366 eius
1278 1306 1332 1365 in
1394 1306 1644 1385 quodam
1692 1305 1883 1368 codice
1931 1306 2032 1367 ubi
2080 1307 2208 1387 ejus

285 1403 558 1480 scriptum
603 1415 751 1464 esset
795 1403 852 1462 in
895 1422 1080 1463 unum
1123 1405 1411 1466 coaluisse
1455 1423 1697 1484 eamque
1738 1404 2036 1466 lectionem
2068 1404 2205 1466 scri-

284 1500 413 1560 bam
458 1501 752 1580 archetypi
800 1501 952 1563 unde
995 1503 1173 1563 nostri
1221 1502 1444 1563 codices
1491 1503 1769 1564 fluxerint
1798 1503 1888 1564 vel
1921 1504 2078 1583 ipsos
2110 1521 2207 1562 no-

282 1610 532 1661 strorum
578 1599 843 1661 codicum
886 1600 1101 1662 scribas
1144 1603 1298 1679 facta
1333 1607 1517 1683 prz'us
1561 1603 1957 1680 interpretatos
2001 1620 2149 1662 esse.

368 1700 528 1770 Quae
569 1716 701 1758 cum
748 1698 819 1758 ita
866 1698 999 1771 sint,
1050 1718 1284 1760 versum
1331 1701 1407 1761 26
1451 1699 1523 1760 ab
1575 1699 1979 1779 interpretibus
2010 1711 2063 1760 et
2091 1698 2207 1760 edi-

285 1796 507 1857 toribus
552 1796 852 1858 infeliciter
897 1809 1170 1858 tentatum
1215 1798 1387 1859 talem
1433 1816 1664 1859 servare
1709 1799 2024 1878 poterimus
2068 1818 2206 1879 qua·

288 1895 402 1956 lem
446 1896 505 1957 in
548 1896 740 1959 codice
768 1884 1061 1957 ‘Tbuaneo
1105 1897 1386 1977 legimus:

711 2047 854 2095 Unica
881 2047 1054 2094 marito
1082 2048 1210 2094 nodo
1238 2058 1338 2095 non
1368 2048 1569 2105 pudebit
1595 2049 1780 2096 solvere

287 2190 512 2249 marito
556 2188 713 2247 nodo
759 2186 1192 2268 interpretantes
1235 2189 1388 2250 nodo
1431 2208 1605 2267 quem
1645 2207 1818 2252 rosae
1862 2190 2100 2251 solvunt
2137 2199 2207 2249 ut

285 2286 520 2364 puellae
565 2288 715 2347 viris
758 2289 1000 2348 maritis
1041 2306 1261 2347 zonam
1302 2288 1585 2359 solvunt;
1630 2287 1675 2348 si
1726 2299 1850 2365 post
1904 2290 2207 2366 purpuris

291 2382 750 2463 interpungendo
794 2386 1088 2463 stropham
1139 2385 1197 2445 in
1241 2384 1387 2445 duas
1434 2383 1691 2465 periodos
1737 2384 2111 2446 diviserimus
2156 2397 2209 2446 et

288 2487 530 2560 iqneum
574 2481 630 2541 in
680 2501 854 2543 versu
897 2484 975 2544 25
1011 2501 1111 2562 pro
1139 2486 1304 2564 ignea
1339 2484 1726 2564 posuerimus.
1764 2486 1953 2557 Quam
1984 2483 2206 2544 abbatis

291 2581 373 2640 De
406 2580 750 2661 Longuerue
780 2581 889 2656 (Cf.
926 2582 983 2641 in
1014 2583 1248 2644 Poesies
1278 2583 1573 2643 d'Horace
1610 2584 1905 2645 traduites
1933 2600 2005 2642 en
2032 2583 2203 2660 fran-

288 2681 415 2758 pais
459 2697 562 2760 par
606 2678 658 2739 le
724 2679 794 2741 R.
844 2679 910 2739 P.
955 2679 1244 2750 Sanadon,
1316 2678 1959 2758 Amsterdam-Leipzig
2025 2680 2199 2750 4756,

295 2779 423 2850 v11,
476 2794 603 2857 pag.
650 2779 939 2839 327342:
988 2777 1367 2858 pervigilium
1401 2777 1643 2840 Veneris
1674 2776 1851 2857 vulgo
1884 2776 2105 2838 Catullo
2133 2788 2210 2837 at·

290 2876 590 2948 tributum,
640 2877 1009 2938 emendatum
1052 2888 1107 2936 et
1150 2875 1540 2936 notationibus
1583 2876 1933 2937 illustratum
1980 2874 2049 2935 ab
2078 2874 2208 2935 illu-

291 2975 570 3036 strissimo
614 2974 830 3037 Abbate
874 2974 943 3036 de
986 2977 1348 3054 Longuerue)
1394 2975 1807 3036 correctionem
1852 2973 2071 3054 quibus
2116 2990 2201 3034 ra·

293 3073 538 3134 tionibus
581 3073 809 3135 adducti
853 3093 1052 3136 omnes
1096 3073 1394 3155 Pervigilii
1423 3073 1668 3137 editores
1698 3072 2057 3152 neglexerint
2085 3090 2200 3131 non

290 3170 476 3233 video,
524 3171 676 3245 Quid
704 3172 855 3232 enim
890 3171 1048 3234 aliud
1081 3192 1203 3234 esse
1234 3172 1618 3254 potest'vestis
1650 3191 1811 3233 rosae
1840 3171 1949 3233 nisi
1994 3169 2206 3250 calyx?

293 3285 392 3333 aut
433 3271 563 3352 quis
608 3272 832 3352 calyces
877 3273 1073 3352 igneos
1120 3270 1306 3333 vidit?
1352 3273 1556 3333 Contra
1603 3272 1747 3331 bene
1779 3271 2014 3351 igneum
2047 3286 2208 3330 rosae

295 3369 566 3431 ruborem
598 3369 833 3442 dixeris,
870 3389 1003 3431 cum
1041 3370 1219 3432 factus
1250 3370 1339 3442 sit,
1380 3383 1443 3431 ut
1487 3371 1606 3450 ipse
1636 3377 1795 3451 poeta
1836 3368 1933 3442 ait,
1969 3367 2209 3430 Veneris

931 3526 990 3573 de
1019 3536 1186 3573 cruore
1214 3527 1371 3581 deque
1397 3526 1583 3573 Amoris
1611 3525 1785 3573 osculis

556 3597 717 3654 neque
744 3599 947 3653 gemmis
977 3598 1132 3655 deque
1160 3599 1366 3645 nammis
1395 3599 1553 3655 deque
1570 3599 1684 3646 solis
1715 3599 1941 3656 purpuris
