2728 4354
1146 246 1392 300 -5-

313 387 448 430 reas
472 388 728 430 coronas
757 379 805 432 et
834 381 1092 449 myrteas
1123 390 1289 433 casas
1318 389 1455 431 cum
1488 370 1706 451 pudore
1730 370 1948 431 Dianae
1980 389 2231 450 aequan-

310 467 420 528 dus
461 478 611 529 erat:
658 469 800 548 quin
845 469 1016 529 etiam
1063 468 1267 549 puellis
1312 468 1435 530 istis
1465 481 1530 530 ut
1560 469 1867 549 Nymphae
1910 468 2024 529 sint
2050 468 2231 529 silvas

313 567 473 628 lucos
515 568 704 644 sontes
746 568 1070 629 incolentes
1114 586 1185 628 ne
1229 567 1531 648 virginum
1575 566 1814 647 quidem
1844 586 2057 628 nomen
2104 576 2230 626 erat

310 664 784 746 reiinquendum.
819 667 896 727 Ut
937 667 1092 727 enim
1121 667 1199 727 ait
1227 667 1352 746 ipse
1401 675 1577 747 poeta,
1628 668 1828 728 Venus
1870 666 2043 728 vellet
2086 668 2231 726 Dia·

307 783 453 824 nam
494 782 716 844 roqare
773 775 837 827 ut
891 769 1114 828 veniret
1166 768 1217 827 si
1263 766 1557 846 pudicam
1588 765 1889 845 flecteret,
1940 764 2109 826 vellet
2166 775 2231 825 ut
2289 768 2295 778 '

305 866 535 923 veniret
578 865 631 924 si
671 864 887 926 deceret
925 865 1247 942 virqinem.
1283 864 1574 936 Quoniam
1602 882 1738 943 ergo
1785 862 2025 943 pudicas
2069 875 2123 923 et
2166 879 2227 922 re

305 979 440 1022 vera
472 961 886 1041 virgines·istis
917 961 1094 1023 sacris
1124 961 1399 1023 interesse
1430 981 1546 1022 non
1574 960 1826 1034 decebat,
1864 947 2099 1022 versum
2144 960 2223 1021 37

305 1057 387 1118 sic
428 1057 848 1119 restituendum
895 1044 1098 1120 censeo

566 1304 573 1311 .
651 1261 758 1308 Non
787 1263 891 1317 pari
921 1263 1084 1308 Venus
1113 1262 1301 1317 pudore
1328 1262 1482 1308 mittit
1508 1261 1572 1308 ad
1599 1265 1648 1308 te
1675 1262 1883 1318 virgines

309 1453 461 1514 quae
517 1433 660 1495 levis
719 1433 896 1494 unius
956 1432 1152 1494 literae
1206 1433 1446 1496 mutatio
1502 1432 1797 1494 neminem
1840 1432 1987 1513 fugit
2027 1433 2227 1514 quanti

308 1532 578 1592 momenti
627 1533 719 1592 sit.
764 1532 955 1593 Altera
1000 1545 1192 1594 aute-m
1223 1552 1433 1594 versus
1466 1533 1629 1594 lectio
1659 1530 2229 1613 quam‘in'opuscoio

304 1630 458 1711 quod
506 1629 838 1692 inscribitur
899 1631 1186 1694 Unedirte
1242 1630 1582 1694 lateinische
1629 1632 1917 1702 Gedichte,
1973 1649 2102 1711 pag.
2152 1633 2227 1691 43

303 1729 671 1790 Baehrensus
717 1728 950 1809 protulit
991 1740 1056 1789 ut
1100 1728 1182 1789 ἰΙΙί
1228 1720 1600 1790 suo'invento
1633 1728 1793 1789 locus
1822 1728 2057 1789 daretur
2086 1729 2225 1789 dass

303 1828 392 1889 die
419 1827 732 1907 solyenden
769 1830 936 1888 Verse
963 1829 1051 1889 die
1082 1828 1388 1905 Botschaft
1416 1828 1522 1888 der
1560 1828 1751 1889 Venus
1781 1848 1864 1889 an
1895 1829 1989 1888 die
2020 1829 2227 1888 Diana
2284 1816 2289 1821 ⁹

301 1925 600 1986 enthaloen
635 1943 708 1985 ne
750 1925 1156 1987 confutationis
1198 1926 1432 2006 quidem
1466 1925 1713 2006 pretium
1747 1925 1931 1987 facere
1964 1925 2103 1985 mihi
2138 1926 2226 1987 vi-

302 2021 486 2083 detur.
1462 2034 1466 2038 ’

382 2121 496 2183 Sed
540 2121 744 2183 maiori
789 2120 1108 2184 difficultati
1165 2141 1371 2185 versus
1416 2125 1593 2185 22-26
1638 2123 1960 2204 corrigendi
2018 2121 2215 2185 dubito

303 2239 447 2281 num
508 2240 665 2283 meae
726 2221 883 2281 vires
941 2220 1250 2283 sufficiant.
1307 2224 1489 2284 Totus
1548 2222 1642 2282 itte
1702 2222 1857 2284 locus
1913 2241 2091 2301 quem
2148 2240 2220 2282 ne

301 2321 545 2401 scriptor
586 2319 841 2400 quidem,
872 2333 936 2381 ut
964 2320 1040 2381 ita
1069 2320 1280 2392 dicam,
1314 2322 1360 2381 si
1394 2333 1752 2394 renascatur,
1782 2341 1985 2382 sanare
2019 2321 2215 2402 possit,

302 2418 361 2479 in
404 2417 596 2479 codice
640 2418 998 2479 Salmasiano
1041 2420 1114 2480 ita
1163 2419 1410 2501 scriptus
1451 2432 1559 2481 est:

460 2625 570 2680 Ipsa
596 2624 752 2671 iussit·
765 2636 906 2672 mane
936 2629 1065 2673 totae
1093 2627 1305 2684 virgines
1334 2628 1523 2675 nubant
1553 2639 1689 2674 rosae

570 2668 875 2754 Faotasprius
903 2698 962 2744 de
993 2709 1165 2745 cruore
1194 2699 1350 2756 deque
1377 2700 1567 2748 Amoris
1596 2699 1776 2746 osculis

568 2769 729 2825 Deque
758 2770 960 2824 gemmis
988 2770 1146 2826 deque
1176 2771 1382 2817 flammis
1410 2772 1565 2827 deque
1586 2771 1698 2818 solis
1727 2772 1953 2827 purpuris

566 2841 681 2887 Cras
709 2841 937 2887 ruborem
966 2843 1048 2898 qui
1076 2841 1263 2889 latebat
1291 2847 1427 2889 veste
1458 2847 1614 2891 tectus
1642 2844 1782 2900 ignea

564 2912 709 2959 Unica
736 2914 913 2974 marita.
937 2917 1053 2960 noto
1079 2925 1176 2961 non
1204 2915 1410 2970 pudebit
1437 2916 1621 2962 solvere

298 3114 370 3156 ne
411 3095 617 3157 menda
663 3096 956 3157 manifesta
1004 3108 1068 3157 ut
1108 3107 1458 3177 manet-pro
1500 3114 1694 3169 mane,
1743 3106 1882 3156 tuae
1927 3115 2027 3175 pro
2071 3104 2219 3158 totae

299 3195 699 3257 transcribam.
743 3197 1061 3257 Thuaneus
1103 3209 1297 3257 autem
1341 3196 1536 3258 codex'
1565 3195 1804 3256 omnino
1834 3214 1966 3256 cum
2002 3196 2221 3256 Salma-

298 3293 459 3353 siano
502 3293 788 3354 consentit
832 3292 1391 3374 praeterquamquod
1422 3296 1582 3372 sueta
1631 3311 1731 3372 pro
1775 3294 1951 3370 facta,
2001 3296 2217 3354 marito

296 3392 447 3453 nodo
495 3410 596 3471 pro
638 3393 859 3453 marita
915 3401 1053 3453 noto
1098 3390 1287 3451 habet.
1350 3393 1474 3464 Qua
1522 3390 1591 3450 de
1647 3409 1707 3451 re
1750 3389 1896 3451 illud
1959 3390 2217 3469 ineptum

292 3492 494 3570 prius,
543 3488 686 3549 illud
727 3490 963 3570 pudebit
1005 3488 1381 3569 personaliter
1422 3487 1751 3548 adhibitum
1793 3507 1866 3548 ex
1908 3487 2219 3567 archetypo

298 3590 421 3670 ipso
450 3586 606 3650 unde
633 3589 811 3650 nostri
834 3588 1054 3650 codices
1085 3588 1363 3650 fluxerint
1391 3588 1673 3670 originem
1725 3588 1938 3650 ducant
1977 3600 2213 3670 oportet.
